<?xml version="1.0" encoding="UTF-8"?><collection xmlns="http://www.loc.gov/MARC21/slim"><record><leader>00361nam--2200145-i-4500</leader><controlfield tag="001">000000095</controlfield><controlfield tag="002">20161230</controlfield><controlfield tag="005">20161230201023</controlfield><controlfield tag="008">060222s1000------------r-----000-0-eng-d</controlfield><datafield ind1=" " ind2=" " tag="080"><subfield code="a">519.712</subfield></datafield><datafield ind1=" " ind2=" " tag="100"><subfield code="a">Fu, K. S</subfield></datafield><datafield ind1=" " ind2=" " tag="245"><subfield code="a">Digital pattern recognition</subfield></datafield><datafield ind1=" " ind2=" " tag="260"><subfield code="a">Berlin, Springer-verlag. X + 206 P</subfield></datafield><datafield ind1=" " ind2=" " tag="490"><subfield code="a">Communication And Cybernetics</subfield></datafield><datafield ind1=" " ind2=" " tag="852"><subfield code="a">46509</subfield></datafield></record></collection>